<?xml version="1.0" encoding="UTF-8"?><collection xmlns="http://www.loc.gov/MARC21/slim"><record><leader>00664nam--2200193-i-4500</leader><controlfield tag="001">000005614</controlfield><controlfield tag="002">20161230</controlfield><controlfield tag="005">20161230201026</controlfield><controlfield tag="008">060222s1000------------r-----000-0-eng-d</controlfield><datafield ind1=" " ind2=" " tag="040"><subfield code="a">IFIN-HH</subfield></datafield><datafield ind1=" " ind2=" " tag="080"><subfield code="a">536</subfield></datafield><datafield ind1="1" ind2=" " tag="100"><subfield code="a">Irvine, Thomas F., Jr</subfield></datafield><datafield ind1="1" ind2="0" tag="245"><subfield code="a">Progress in heat and mass transfer</subfield><subfield code="b">Vol. 2 eckert presentation volume</subfield><subfield code="c">Thomas f. irvine, jr; warren e. ibele; james p. hartnett; richard j. goldstein (eds.)</subfield></datafield><datafield ind1=" " ind2=" " tag="260"><subfield code="a">Oxford</subfield><subfield code="b">Pergamon Press</subfield><subfield code="c">1969</subfield></datafield><datafield ind1=" " ind2=" " tag="300"><subfield code="a">499P</subfield></datafield><datafield ind1=" " ind2=" " tag="490"><subfield code="a">Monograph Series Of The International Journal Of Heat And Mass Transfer</subfield></datafield><datafield ind1="1" ind2=" " tag="700"><subfield code="a">Goldstein, Richard J</subfield><subfield code="e">Ed</subfield></datafield><datafield ind1=" " ind2=" " tag="852"><subfield code="a">31314</subfield><subfield code="c">536</subfield></datafield><datafield ind1=" " ind2=" " tag="CAT"><subfield code="a">Sys</subfield><subfield code="c">20110506</subfield><subfield code="h">131742</subfield></datafield></record></collection>